<?xml version="1.0" encoding="UTF-8"?><record xmlns="http://www.loc.gov/MARC21/slim" xmlns:cinclude="http://apache.org/cocoon/include/1.0" xmlns:zs="http://www.loc.gov/zing/srw/">
  <leader>00349nz  a2200121n  4500</leader>
  <controlfield tag="001">nr2003024998</controlfield>
  <controlfield tag="003">DLC</controlfield>
  <controlfield tag="005">20031209033111.0</controlfield>
  <controlfield tag="008">030731n| acannaabn          |n ana     c</controlfield>
  <datafield tag="010" ind1=" " ind2=" ">
    <subfield code="a">nr2003024998</subfield>
  </datafield>
  <datafield tag="040" ind1=" " ind2=" ">
    <subfield code="a">CtY</subfield>
    <subfield code="b">eng</subfield>
    <subfield code="c">CtY</subfield>
  </datafield>
  <datafield tag="110" ind1="2" ind2=" ">
    <subfield code="a">Lizard edizioni</subfield>
  </datafield>
  <datafield tag="670" ind1=" " ind2=" ">
    <subfield code="a">Il segreto di Tristan Bantam, 1996:</subfield>
    <subfield code="b">t.p. (Lizard edizioni) p. 2 (Via della Curia, 4 - Roma)</subfield>
  </datafield>
</record>